@article{purica2015multiview,
  title={Multiview plus depth video coding with temporal prediction view synthesis},
  author={Purica, Andrei I and Mora, Elie G and Pesquet-Popescu, Beatrice and Cagnazzo, Marco and Ionescu, Bogdan},
  journal={IEEE Transactions on Circuits and Systems for Video Technology},
  volume={26},
  number={2},
  pages={360--374},
  year={2015},
  publisher={IEEE}
}

@inproceedings{duta2017spatio,
  title={Spatio-temporal vlad encoding for human action recognition in videos},
  author={Duta, Ionut C and Ionescu, Bogdan and Aizawa, Kiyoharu and Sebe, Nicu},
  booktitle={International Conference on Multimedia Modeling},
  pages={365--378},
  year={2017},
  organization={Springer}
}

@incollection{demarty2014multimodal,
  title={Multimodal violence detection in Hollywood movies: State-of-the-art and Benchmarking},
  author={Demarty, Claire-H{\'e}l{\`e}ne and Penet, C{\'e}dric and Ionescu, Bogdan and Gravier, Guillaume and Soleymani, Mohammad},
  booktitle={Fusion in Computer Vision},
  pages={185--208},
  year={2014},
  publisher={Springer}
}